% Encoding: UTF-8

@Article{Cepicka2005,
  author        = {Cepicka, Ivan and Kuti{\v{s}}ov{\'a}, Kate{\v{r}}ina and Tachezy, Jan and Kulda, Jaroslav and Flegr, Jaroslav},
  title         = {Cryptic species within the Tetratrichomonas gallinarum species complex revealed by molecular polymorphism},
  journal       = {Veterinary Parasitology},
  year          = {2005},
  volume        = {128},
  number        = {1},
  pages         = {11--21},
  __markedentry = {[satai:]},
  publisher     = {Elsevier},
}

@Misc{Lamport1994,
  author        = {Lamport, Leslie},
  title         = {LaTeX: A document preparation system: User's guide and reference. illustrations by Duane Bibby},
  year          = {1994},
  __markedentry = {[satai:6]},
  publisher     = {Reading, Mass: Addison-Wesley Professional. ISBN 0-201-52983-1},
}

@Article{Tange2011a,
  author  = {O. Tange},
  title   = {GNU Parallel - The Command-Line Power Tool},
  journal = {;login: The USENIX Magazine},
  year    = {2011},
  volume  = {36},
  number  = {1},
  pages   = {42-47},
  month   = {Feb},
  address = {Frederiksberg, Denmark},
  url     = {http://www.gnu.org/s/parallel},
}

@Misc{Haskell,
  title        = {Haskell Language},
  year         = {2017},
  howpublished = {\url{https://www.haskell.org}},
  note         = {Accessed: 2017-04-11},
  url          = {https://www.haskell.org},
}

@Comment{jabref-meta: databaseType:bibtex;}
