%
%  Vzor bibliografické databáze pro automatickou tvorbu seznamu referencí
%  pomocí BibTeXu
%
%  Doporučený software pro správu databáze literatury formátu *.bib:
%    JabRef, http://jabref.sourceforge.net/
%
%  POZOR:
%
%    *  Písmena v názvech publikací, jež je třeba tisknout vždy velká, se musejí psát
%       do složených závorek ({T}hailand, {HIV})
%
%  ===========================================================================

@BOOK{Andel07,
  title = {Základy matematické statistiky},
  publisher = {Matfyzpress},
  year = {2007},
  author = {Anděl, J.},
  address = {Praha},
  series = {Druhé opravené vydání},
  isbn = {80-7378-001-1}
}

@BOOK{Andel98,
  title = {Statistické metody},
  publisher = {Matfyzpress},
  year = {1998},
  author = {Anděl, J.},
  address = {Praha},
  series = {Druhé přepracované vydání},
  isbn = {80-85863-27-8}
}

@ARTICLE{Cox72,
  author = {Cox, D. R.},
  title = {Regression models and life-tables (with {D}iscussion)},
  journal = {Journal of the Royal Statistical Society, Series B},
  year = {1972},
  volume = {34},
  pages = {187--220},
  number = {2}
}

@ARTICLE{DempsterLairdRubin77,
  author = {Dempster, A. P. and Laird, N. M. and Rubin, D. B.},
  title = {Maximum likelihood from incomplete data via the {EM} algorithm},
  journal = {Journal of the Royal Statistical Society, Series B},
  year = {1977},
  volume = {39},
  pages = {1--38},
  number = {1}
}

@ARTICLE{Genberget08,
  author = {Genberg, B. L. and Kulich, M. and Kawichai, S. and Modiba, P. and
	Chingono, A. and Kilonzo, G. P. and Richter, L. and Pettifor, A.
	and Sweat, M. and Celentano, D. D.},
  title = {{HIV} risk behaviors in Sub-{S}aharan {A}frica and {N}orthern {T}hailand:
	{B}aseline behavioral data from project {A}ccept},
  journal = {Journal of Acquired Immune Deficiency Syndrome},
  year = {2008},
  volume = {49},
  pages = {309--319}
}

@ARTICLE{KaplanMeier58,
  author = {Kaplan, E. L. and Meier, P.},
  title = {Nonparametric estimation from incomplete observations},
  journal = {Journal of the American Statistical Association},
  year = {1958},
  volume = {53},
  pages = {457--481},
  number = {282}
}

@BOOK{LehmannCasella98,
  title = {Theory of Point Estimation},
  publisher = {Springer-Verlag},
  year = {1998},
  author = {Lehmann, E. L. and Casella, G.},
  address = {New York},
  series = {{S}econd {E}dition},
  isbn = {0-387-98502-6}
}

@ARTICLE{Student08,
  author = {Student},
  title = {On the probable error of the mean},
  journal = {Biometrika},
  year = {1908},
  volume = {6},
  pages = {1-25}
}


@ARTICLE{Cepicka2005,
  author        = {Cepicka, Ivan and Kuti{\v{s}}ov{\'a}, Kate{\v{r}}ina and Tachezy, Jan and Kulda, Jaroslav and Flegr, Jaroslav},
  title         = {Cryptic species within the Tetratrichomonas gallinarum species complex revealed by molecular polymorphism},
  journal       = {Veterinary Parasitology},
  year          = {2005},
  volume        = {128},
  number        = {1},
  pages         = {11--21},
  __markedentry = {[satai:]},
  publisher     = {Elsevier},
}

@Misc{Lamport1994,
  author        = {Lamport, Leslie},
  title         = {LaTeX: A document preparation system: User's guide and reference. illustrations by Duane Bibby},
  year          = {1994},
  __markedentry = {[satai:6]},
  publisher     = {Reading, Mass: Addison-Wesley Professional. ISBN 0-201-52983-1},
}

@ARTICLE{Tange2011a,
  author  = {O. Tange},
  title   = {GNU Parallel - The Command-Line Power Tool},
  journal = {;login: The USENIX Magazine},
  year    = {2011},
  volume  = {36},
  number  = {1},
  pages   = {42-47},
  month   = {Feb},
  address = {Frederiksberg, Denmark},
  url     = {http://www.gnu.org/s/parallel},
}

@Misc{Haskell,
  title        = {Haskell Language},
  year         = {2017},
  howpublished = {\url{https://www.haskell.org}},
  note         = {Accessed: 2017-04-11},
  url          = {https://www.haskell.org},
}